<?xml version="1.0" encoding="UTF-8"?><collection xmlns="http://www.loc.gov/MARC21/slim"><record><leader>00422nam--2200169-i-4500</leader><controlfield tag="001">000033586</controlfield><controlfield tag="002">20161230</controlfield><controlfield tag="005">20161230201039</controlfield><controlfield tag="008">060222s1000------------r-----000-0-eng-d</controlfield><datafield ind1=" " ind2=" " tag="040"><subfield code="a">IFIN-HH</subfield></datafield><datafield ind1=" " ind2=" " tag="080"><subfield code="a">533.6</subfield></datafield><datafield ind1="1" ind2=" " tag="100"><subfield code="a">Milne-thomson, L.M</subfield></datafield><datafield ind1="1" ind2="0" tag="245"><subfield code="a">Theoretical aerodynamics</subfield><subfield code="c">L.m. milne-thomson</subfield></datafield><datafield ind1=" " ind2=" " tag="260"><subfield code="a">London, Mac Millan, 1948</subfield></datafield><datafield ind1=" " ind2=" " tag="300"><subfield code="a">XIX+363P</subfield></datafield><datafield ind1=" " ind2=" " tag="852"><subfield code="a">899</subfield><subfield code="c">533.6</subfield></datafield><datafield ind1=" " ind2=" " tag="CAT"><subfield code="a">Sys</subfield><subfield code="c">20100903</subfield><subfield code="h">103334</subfield></datafield></record></collection>